<collection xmlns="http://www.loc.gov/MARC21/slim">
<record>
  <leader>01620nam0a22003011i 450 </leader>
  <controlfield tag="001">IT\ICCU\CNCE\074744</controlfield>
  <controlfield tag="005">20150313000000.0</controlfield>
  <datafield tag="012" ind1=" " ind2=" ">
    <subfield code="a">a-i- zan- ioe. o.o- (C) 1550 (Q)</subfield>
    <subfield code="2">fei</subfield>
  </datafield>
  <datafield tag="100" ind1=" " ind2=" ">
    <subfield code="a">20090929f1550        0itac0103    ba</subfield>
  </datafield>
  <datafield tag="101" ind1=" " ind2=" ">
    <subfield code="a">ITA</subfield>
  </datafield>
  <datafield tag="102" ind1=" " ind2=" ">
    <subfield code="a">IT</subfield>
  </datafield>
  <datafield tag="200" ind1="1" ind2=" ">
    <subfield code="a">Al sereniss. principe, et allo Illustrissimo, et eccellentiss. Maggior Consiglio di Venetia. Pronostico de Annibale Raimondo veronese sopra la dispositione de l&apos; anno 1550</subfield>
  </datafield>
  <datafield tag="210" ind1=" " ind2=" ">
    <subfield code="d">\1550!</subfield>
  </datafield>
  <datafield tag="215" ind1=" " ind2=" ">
    <subfield code="a">\8! c.</subfield>
    <subfield code="d">4ʻ</subfield>
  </datafield>
  <datafield tag="300" ind1=" " ind2=" ">
    <subfield code="a">Sul front. emblema dell&apos;autore, ritenuto dai repertori marca tipografica. - Stampata da Vincenzo Ruffinelli. Cfr.: Short-title catalogue of books printed in Italy and of Italian books printed in other countries from 1465 to 1600 ..., p. 548</subfield>
  </datafield>
  <datafield tag="620" ind1=" " ind2=" ">
    <subfield code="a">IT</subfield>
    <subfield code="d">Mantova</subfield>
  </datafield>
  <datafield tag="700" ind1=" " ind2="1">
    <subfield code="a">Raimondo,</subfield>
    <subfield code="b">Annibale</subfield>
    <subfield code="3">IT\ICCU\CNCA\009360</subfield>
  </datafield>
  <datafield tag="712" ind1="0" ind2="0">
    <subfield code="a">Ruffinelli, Venturino</subfield>
    <subfield code="3">IT\ICCU\CNCT\000115</subfield>
    <subfield code="4">650</subfield>
  </datafield>
  <datafield tag="790" ind1=" " ind2="1">
    <subfield code="a">Raimondi,</subfield>
    <subfield code="b">Annibale</subfield>
    <subfield code="3">IT\ICCU\CNCA\017329</subfield>
    <subfield code="z">Raimondo, Annibale</subfield>
  </datafield>
  <datafield tag="791" ind1="0" ind2="0">
    <subfield code="a">Roffinelli, Venturino</subfield>
    <subfield code="3">IT\ICCU\CNCT\002580</subfield>
    <subfield code="z">Ruffinelli, Venturino</subfield>
  </datafield>
  <datafield tag="791" ind1="0" ind2="0">
    <subfield code="a">Ruffinello, Venturino</subfield>
    <subfield code="3">IT\ICCU\CNCT\005448</subfield>
    <subfield code="z">Ruffinelli, Venturino</subfield>
  </datafield>
  <datafield tag="791" ind1="0" ind2="0">
    <subfield code="a">Ruffinellus, Venturinus</subfield>
    <subfield code="3">IT\ICCU\CNCT\005450</subfield>
    <subfield code="z">Ruffinelli, Venturino</subfield>
  </datafield>
  <datafield tag="791" ind1="0" ind2="0">
    <subfield code="a">Ruffinellis, Venturinus de</subfield>
    <subfield code="3">IT\ICCU\CNCT\005461</subfield>
    <subfield code="z">Ruffinelli, Venturino</subfield>
  </datafield>
  <datafield tag="791" ind1="0" ind2="0">
    <subfield code="a">Roffinello, Venturino</subfield>
    <subfield code="3">IT\ICCU\CNCT\005463</subfield>
    <subfield code="z">Ruffinelli, Venturino</subfield>
  </datafield>
  <datafield tag="791" ind1="0" ind2="0">
    <subfield code="a">Roffinellus, Venturinus</subfield>
    <subfield code="3">IT\ICCU\CNCT\005468</subfield>
    <subfield code="z">Ruffinelli, Venturino</subfield>
  </datafield>
  <datafield tag="801" ind1=" " ind2="3">
    <subfield code="a">IT</subfield>
    <subfield code="b">ICCU</subfield>
    <subfield code="c">20201115</subfield>
  </datafield>
  <datafield tag="899" ind1=" " ind2=" ">
    <subfield code="a">Biblioteca estera - Bayerische StaatsBibliothek. Muenchen</subfield>
    <subfield code="1">AA0008</subfield>
  </datafield>
  <datafield tag="899" ind1=" " ind2=" ">
    <subfield code="a">British Library. London</subfield>
    <subfield code="1">UK0001</subfield>
  </datafield>
</record>
</collection>
